<record><leader>00000cas a22000007a 4500</leader><controlfield tag="001">15651356</controlfield><controlfield tag="008">870508d19831996inuwr ne      0   a0eng d</controlfield><controlfield tag="009">5452</controlfield><datafield ind1=" " ind2=" " tag="010"><subfield code="a">sn 87055760 </subfield></datafield><datafield ind1=" " ind2=" " tag="040"><subfield code="a">NPI</subfield><subfield code="b">eng</subfield><subfield code="c">NPI</subfield><subfield code="d">NSD</subfield><subfield code="d">NPI</subfield><subfield code="d">OCLCQ</subfield></datafield><datafield ind1=" " ind2=" " tag="012"><subfield code="m">1</subfield></datafield><datafield ind1="1" ind2=" " tag="022"><subfield code="a">1043-9587</subfield><subfield code="l">1043-9587</subfield><subfield code="2">1</subfield></datafield><datafield ind1=" " ind2=" " tag="032"><subfield code="a">578520</subfield><subfield code="b">USPS</subfield></datafield><datafield ind1=" " ind2=" " tag="042"><subfield code="a">msc</subfield><subfield code="a">nsdp</subfield></datafield><datafield ind1=" " ind2="4" tag="222"><subfield code="a">The Merrillville herald</subfield></datafield><datafield ind1="0" ind2="4" tag="245"><subfield code="a">The Merrillville herald.</subfield></datafield><datafield ind1=" " ind2=" " tag="260"><subfield code="a">Merrillville, Ind. :</subfield><subfield code="b">Joel Remaley,</subfield><subfield code="c">1983-1996.</subfield></datafield><datafield ind1=" " ind2=" " tag="300"><subfield code="a">17 v. :</subfield><subfield code="b">ill.</subfield></datafield><datafield ind1=" " ind2=" " tag="310"><subfield code="a">Weekly</subfield></datafield><datafield ind1="0" ind2=" " tag="362"><subfield code="a">Vol. 37, no. 33 (Jan. 12, 1983)-v. 53, no. 8 (July 11, 1996).</subfield></datafield><datafield ind1=" " ind2=" " tag="752"><subfield code="a">United States</subfield><subfield code="b">Indiana</subfield><subfield code="c">Lake</subfield><subfield code="d">Merrillville.</subfield></datafield><datafield ind1="0" ind2="0" tag="780"><subfield code="t">Herald (Gary, Ind. : Glen Park ed.)</subfield><subfield code="w">(DLC)sn 87055757</subfield><subfield code="w">(OCoLC)15651662</subfield></datafield></record>